@article{1,
  author={B. P. Abbott et. al.(LIGO Scientific Collaboration and Virgo Collaboration)},
  title={Supplement: {T}he {R}ate of {B}inary {B}lack {H}ole {M}ergers {I}nferred from {A}dvanced {LIGO} {O}bservations {S}urrounding {GW}150914 (2016, {A}p{JL}, 833, {L}1)},
  journal={The Astrophysical Journal Supplement Series},
  volume={227},
  number={2},
  pages={14},
  url={http://stacks.iop.org/0067-0049/227/i=2/a=14},
  year={2016},
  abstract={This article provides supplemental information for a Letter reporting the rate of (BBH) coalescences inferred from 16 days of coincident Advanced LIGO observations surrounding the transient (GW) signal GW150914. In that work we reported various rate estimates whose 90% confidence intervals fell in the range 2–600 Gpc −3 yr −1 . Here we give details on our method and computations, including information about our search pipelines, a derivation of our likelihood function for the analysis, a description of the astrophysical search trigger distribution expected from merging BBHs, details on our computational methods, a description of the effects and our model for calibration uncertainty, and an analytic method for estimating our detector sensitivity, which is calibrated to our measurements.}
}

@article{14,
	title={Formation of double compact objects},
	author={Kalogera, Vassiliki and Belczynski, K and Kim, Chunglee and O’Shaughnessy, R and Willems, B},
	journal={Physics Reports},
	volume={442},
	number={1},
	pages={75--108},
	year={2007},
	publisher={Elsevier}
}

@article{34,
	title={Galactic distribution of merging neutron stars and black holes--prospects for short gamma-ray burst progenitors and LIGO/VIRGO},
	author={Voss, Rasmus and Tauris, Thomas M},
	journal={Monthly Notices of the Royal Astronomical Society},
	volume={342},
	number={4},
	pages={1169--1184},
	year={2003},
	publisher={Oxford University Press}
}

@article{35,
	title={On the rarity of double black hole binaries: Consequences for gravitational wave detection},
	author={Belczynski, Krzysztof and Taam, Ronald E and Kalogera, Vassiliki and Rasio, Frederic A and Bulik, Tomasz},
	journal={The Astrophysical Journal},
	volume={662},
	number={1},
	pages={504},
	year={2007},
	publisher={IOP Publishing}
}

@inproceedings{36,
	title={Galactic binaries as sources of gravitational waves},
	author={Nelemans, Gijs and Centrella, Joan M and Barnes, Sandy},
	booktitle={AIP Conference Proceedings},
	volume={686},
	number={1},
	pages={263--272},
	year={2003},
	organization={AIP}
}

@article{37,
	title={Double-core evolution and the formation of neutron star binaries with compact companions},
	author={Dewi, JDM and Podsiadlowski, Ph and Sena, A},
	journal={Monthly Notices of the Royal Astronomical Society},
	volume={368},
	number={4},
	pages={1742--1748},
	year={2006},
	publisher={Oxford University Press}
}

@article{42,
	title={The total merger rate of compact object binaries in the local universe},
	author={Sadowski, Aleksander and Belczynski, Krzysztof and Bulik, Tomasz and Ivanova, Natalia and Rasio, Frederic A and O’Shaughnessy, Richard},
	journal={The Astrophysical Journal},
	volume={676},
	number={2},
	pages={1162},
	year={2008},
	publisher={IOP Publishing}
}

@article{55,
	title={Dynamical interactions and the black-hole merger rate of the Universe},
	author={O’Leary, Ryan M and O’Shaughnessy, Richard and Rasio, Frederic A},
	journal={Physical Review D},
	volume={76},
	number={6},
	pages={061504},
	year={2007},
	publisher={APS}
}

@article{56,
	title={Gravitational waves from scattering of stellar-mass black holes in galactic nuclei},
	author={O'Leary, Ryan M and Kocsis, Bence and Loeb, Abraham},
	journal={Monthly Notices of the Royal Astronomical Society},
	volume={395},
	number={4},
	pages={2127--2146},
	year={2009},
	publisher={Oxford University Press}
}

@article{57,
	title={Mergers of stellar-mass black holes in nuclear star clusters},
	author={Miller, M Coleman and Lauburg, Vanessa M},
	journal={The Astrophysical Journal},
	volume={692},
	number={1},
	pages={917},
	year={2009},
	publisher={IOP Publishing}
}
